<record><leader>00000cas a22000007a 4500</leader><controlfield tag="001">19341532</controlfield><controlfield tag="008">890310d196219uumauwr ne      0    0eng d</controlfield><datafield ind1=" " ind2=" " tag="010"><subfield code="a">sn 89062002 </subfield></datafield><datafield ind1=" " ind2=" " tag="040"><subfield code="a">MGN</subfield><subfield code="b">eng</subfield><subfield code="c">MGN</subfield><subfield code="d">OCLCQ</subfield></datafield><datafield ind1=" " ind2=" " tag="042"><subfield code="a">msc</subfield></datafield><datafield ind1="0" ind2="0" tag="245"><subfield code="a">Abington advertiser.</subfield></datafield><datafield ind1="1" ind2="7" tag="246"><subfield code="a">Rockland (Mass.) standard</subfield></datafield><datafield ind1=" " ind2=" " tag="260"><subfield code="a">[Rockland, Mass. :</subfield><subfield code="b">Franklin Pub. Co.]</subfield></datafield><datafield ind1=" " ind2=" " tag="300"><subfield code="a">v.</subfield></datafield><datafield ind1=" " ind2=" " tag="310"><subfield code="a">Weekly</subfield></datafield><datafield ind1="0" ind2=" " tag="362"><subfield code="a">108th year, no. 46 (June 7, 1962)-</subfield></datafield><datafield ind1=" " ind2=" " tag="752"><subfield code="a">United States</subfield><subfield code="b">Massachusetts</subfield><subfield code="c">Plymouth</subfield><subfield code="d">Rockland.</subfield></datafield><datafield ind1=" " ind2=" " tag="752"><subfield code="a">United States</subfield><subfield code="b">Massachusetts</subfield><subfield code="c">Plymouth</subfield><subfield code="d">Abington.</subfield></datafield><datafield ind1="0" ind2=" " tag="775"><subfield code="t">Rockland standard (Rockland, Mass.)</subfield></datafield></record>